@Manual{KAGGLE,
          title = {US Gubernatorial Elections 1972-2019, Version 1.},
         author = {Abhinav Dholepat.},
   organization = {Kaggle},
           year = {2020},
            url = {https://www.kaggle.com/abhinavdholepat/us-gubernatorial-elections-1972-2019}}
            
@Manual{IPUMSUSA,
          title = {Integrated Public Use Microdata Series, Current Population Survey: Version 9.0 [dataset].},
         author = {Sarah Flood, Miriam King, Renae Rodgers, Steven Ruggles, J. Robert Warren and Michael Westberry.},
   organization = {University of Minnesota},
        address = {Minneapolis, MN},
           year = {2021},
            url = {https://doi.org/10.18128/D030.V9.0}}
            
@misc{NINETEENTH, 
    author = {Congress},
    title = {19th Amendment to the U.S. Constitution: Women's Right to Vote},
    organization = {General Records of the United States Government},
    year = {1919},
    url = {https://www.archives.gov/historical-docs/19th-amendment},
    urldate = {2020-11-29}}

 @misc{NWHA, 
    author = {Bonnie Eisenberg and Mary Ruthsdotter},
    title = {History of the Womenâ€™s Rights Movement},
    organization = {National Women's History Alliance},
    year = {1998},
    url = {https://nationalwomenshistoryalliance.org},
    urldate = {2020-11-29}
}

@Manual{USBureauofLaborStatistics1,
          title = {Labor Force Participation Rate - Women (LNS11300002)},
         author = {{U.S. Bureau of Labor Statistics}},
   organization = {FRED, Federal Reserve Bank of St. Louis},
        address = {St.Louis, MO},
           year = {2021},
            url = {https://fred.stlouisfed.org/series/LNS11300002}}


@Manual{USBureauofLaborStatistics2,
          title = {FRED Graph},
         author = {{U.S. Bureau of Labor Statistics}},
   organization = {FRED, Federal Reserve Bank of St. Louis},
        address = {St.Louis, MO},
           year = {2021},
            url = {https://fred.stlouisfed.org/series/LES1252882800Q#0}}

 @misc{bureau_2021, 
    author = {{U.S. Census Bureau}},
    title = {An evaluation of the gender wage gap using linked survey and Administrative Data},
    year = {2021},
    url = {https://www.census.gov/library/working-papers/2020/adrm/CES-WP-20-34.html},
    urldate = {2020-11-01}
}

@misc{AAUW, 
    author = {Kevin Miller and Deborah J. Vagins},
    title = {The Simple Truth About the Gender Pay Gap},
    year = {2018},
    url = {https://www.aauw.org/resources/research/simple-truth/},
    urldate = {2020-11-29}}


 @Manual{R,
    title = {RStudio: Integrated Development Environment for R},
    author = {{RStudio Team}},
    organization = {RStudio, PBC},
    address = {Boston, MA},
    year = {2020},
    url = {http://www.rstudio.com/},
  }
  
  @article{kuk2021democratic,
  title={Democratic Party Control Reduces Gender Inequality},
  author={Kuk, John and Hajnal, Zoltan},
  journal={Legislative Studies Quarterly},
  volume={46},
  number={1},
  pages={155--188},
  year={2021},
  publisher={Wiley Online Library}
}

@article{markus1988impact,
  title={The impact of personal and national economic conditions on the presidential vote: A pooled cross-sectional analysis},
  author={Markus, Gregory B},
  journal={American Journal of Political Science},
  pages={137--154},
  year={1988},
  publisher={JSTOR}
}

@article{niemi1995state,
  title={State economies and state taxes: Do voters hold governors accountable?},
  author={Niemi, Richard G and Stanley, Harold W and Vogel, Ronald J},
  journal={American Journal of Political Science},
  pages={936--957},
  year={1995},
  publisher={JSTOR}
}

@article{bloom1975voter,
  title={Voter response to short-run economic conditions: The asymmetric effect of prosperity and recession},
  author={Bloom, Howard S and Price, H Douglas},
  journal={American Political Science Review},
  volume={69},
  number={4},
  pages={1240--1254},
  year={1975},
  publisher={Cambridge University Press}
}

@article{mummolo2018improving,
  title={Improving the interpretation of fixed effects regression results},
  author={Mummolo, Jonathan and Peterson, Erik},
  journal={Political Science Research and Methods},
  volume={6},
  number={4},
  pages={829--835},
  year={2018},
  publisher={Cambridge University Press}
}

@article{imai2012use,
  title={On the use of linear fixed effects regression models for causal inference},
  author={Imai, Kosuke and Kim, In Song},
  journal={URL: http://imai. princeton. edu/research/files/FEmatch. pdf},
  year={2012}
}
